<record><leader>00000cas a22000007a 4500</leader><controlfield tag="001">7437240</controlfield><controlfield tag="008">810521d19181918kyuwr ne      0   a0eng d</controlfield><controlfield tag="009">1739</controlfield><datafield ind1=" " ind2=" " tag="010"><subfield code="a">sn 90068492 </subfield></datafield><datafield ind1=" " ind2=" " tag="040"><subfield code="a">NDD</subfield><subfield code="b">eng</subfield><subfield code="c">NDD</subfield><subfield code="d">ONP</subfield><subfield code="d">NVJ</subfield></datafield><datafield ind1="1" ind2=" " tag="029"><subfield code="a">AU@</subfield><subfield code="b">000025875348</subfield></datafield><datafield ind1=" " ind2=" " tag="042"><subfield code="a">msc</subfield></datafield><datafield ind1="0" ind2="4" tag="245"><subfield code="a">The Probable era.</subfield></datafield><datafield ind1=" " ind2=" " tag="260"><subfield code="a">Louisville, Ky. :</subfield><subfield code="b">Courier-Journal,</subfield></datafield><datafield ind1=" " ind2=" " tag="300"><subfield code="a">v. :</subfield><subfield code="b">ill. ;</subfield><subfield code="c">43 cm.</subfield></datafield><datafield ind1=" " ind2=" " tag="310"><subfield code="a">Weekly</subfield></datafield><datafield ind1="0" ind2=" " tag="362"><subfield code="a">Vol. 1, no. 1 (Sept. 17, 1918)-</subfield></datafield><datafield ind1="1" ind2=" " tag="362"><subfield code="a">Ceased in Nov. 1918.</subfield></datafield><datafield ind1=" " ind2=" " tag="550"><subfield code="a">"Published for the Field Artillery Central Officers Training School at Camp Zachary Taylor."</subfield></datafield><datafield ind1="2" ind2=" " tag="710"><subfield code="a">Field Artillery Central Officers Training School at Camp Zachary Taylor, Ky.</subfield></datafield><datafield ind1=" " ind2=" " tag="752"><subfield code="a">United States</subfield><subfield code="b">Kentucky</subfield><subfield code="c">Jefferson</subfield><subfield code="d">Louisville.</subfield></datafield><datafield ind1="0" ind2="0" tag="785"><subfield code="t">Probable error</subfield><subfield code="w">(DLC)sn 93065794</subfield></datafield></record>